@ARTICLE{Trowland_13,
   author = {{Trowland}, H.~E. and {Lewis}, G.~F. and {Bland-Hawthorn}, J.
	},
    title = "{The Cosmic History of the Spin of Dark Matter Halos within the Large-scale Structure}",
  journal = {\apj},
archivePrefix = "arXiv",
   eprint = {1201.6108},
 keywords = {cosmology: theory, large-scale structure of universe},
     year = 2013,
    month = jan,
   volume = 762,
      eid = {72},
    pages = {72},
      doi = {10.1088/0004-637X/762/2/72},
   adsurl = {http://adsabs.harvard.edu/abs/2013ApJ...762...72T},
  adsnote = {Provided by the SAO/NASA Astrophysics Data System}
}

@ARTICLE{Hahn_07,
   author = {{Hahn}, O. and {Porciani}, C. and {Carollo}, C.~M. and {Dekel}, A.
	},
    title = "{Properties of dark matter haloes in clusters, filaments, sheets and voids}",
  journal = {\mnras},
   eprint = {astro-ph/0610280},
 keywords = {methods: N-body simulations , galaxies: haloes , cosmology: theory , dark matter , large-scale structure of Universe},
     year = 2007,
    month = feb,
   volume = 375,
    pages = {489-499},
      doi = {10.1111/j.1365-2966.2006.11318.x},
   adsurl = {http://adsabs.harvard.edu/abs/2007MNRAS.375..489H},
  adsnote = {Provided by the SAO/NASA Astrophysics Data System}
}

@ARTICLE{Peebles_69,
   author = {{Peebles}, P.~J.~E.},
    title = "{Origin of the Angular Momentum of Galaxies}",
  journal = {\apj},
     year = 1969,
    month = feb,
   volume = 155,
    pages = {393},
      doi = {10.1086/149876},
   adsurl = {http://adsabs.harvard.edu/abs/1969ApJ...155..393P},
  adsnote = {Provided by the SAO/NASA Astrophysics Data System}
}

@ARTICLE{Noh_07,
   author = {{Noh}, Y. and {Lee}, J.},
    title = "{Evolution of the Pancaking Effect in a {$\Lambda$}CDM Cosmology}",
  journal = {\apj},
   eprint = {astro-ph/0702664},
 keywords = {Cosmology: Theory, Cosmology: Large-Scale Structure of Universe},
     year = 2007,
    month = sep,
   volume = 666,
    pages = {627-635},
      doi = {10.1086/520632},
   adsurl = {http://adsabs.harvard.edu/abs/2007ApJ...666..627N},
  adsnote = {Provided by the SAO/NASA Astrophysics Data System}
}

@ARTICLE{Wetzel_16,
   author = {{Wetzel}, A.~R. and {Hopkins}, P.~F. and {Kim}, J.-h. and {Faucher-Gigu{\`e}re}, C.-A. and 
	{Kere{\v s}}, D. and {Quataert}, E.},
    title = "{Reconciling Dwarf Galaxies with {$\Lambda$}CDM Cosmology: Simulating a Realistic Population of Satellites around a Milky Way-mass Galaxy}",
  journal = {\apjl},
archivePrefix = "arXiv",
   eprint = {1602.05957},
 keywords = {cosmology: theory, galaxies: dwarf, galaxies: formation, galaxies: star formation, Local Group, methods: numerical},
     year = 2016,
    month = aug,
   volume = 827,
      eid = {L23},
    pages = {L23},
      doi = {10.3847/2041-8205/827/2/L23},
   adsurl = {http://adsabs.harvard.edu/abs/2016ApJ...827L..23W},
  adsnote = {Provided by the SAO/NASA Astrophysics Data System}
}

@ARTICLE{Elahi_11,
   author = {{Elahi}, P.~J. and {Thacker}, R.~J. and {Widrow}, L.~M.},
    title = "{Peaks above the Maxwellian Sea: a new approach to finding substructures in N-body haloes}",
  journal = {\mnras},
archivePrefix = "arXiv",
   eprint = {1107.4289},
 primaryClass = "astro-ph.CO",
 keywords = {methods: data analysis, methods: numerical, galaxies: haloes, galaxies: structure, dark matter},
     year = 2011,
    month = nov,
   volume = 418,
    pages = {320-335},
      doi = {10.1111/j.1365-2966.2011.19485.x},
   adsurl = {http://adsabs.harvard.edu/abs/2011MNRAS.418..320E},
  adsnote = {Provided by the SAO/NASA Astrophysics Data System}
}

@ARTICLE{Calvo_07,
   author = {{Arag{\'o}n-Calvo}, M.~A. and {Jones}, B.~J.~T. and {van de Weygaert}, R. and 
	{van der Hulst}, J.~M.},
    title = "{The multiscale morphology filter: identifying and extracting spatial patterns in the galaxy distribution}",
  journal = {\aap},
archivePrefix = "arXiv",
   eprint = {0705.2072},
 keywords = {cosmology: theory, large-scale structure of Universe, methods: statistical, surveys},
     year = 2007,
    month = oct,
   volume = 474,
    pages = {315-338},
      doi = {10.1051/0004-6361:20077880},
   adsurl = {http://adsabs.harvard.edu/abs/2007A%26A...474..315A},
  adsnote = {Provided by the SAO/NASA Astrophysics Data System}
}

@ARTICLE{Wang_17,
   author = {{Wang}, P. and {Kang}, X.},
    title = "{A general explanation on the correlation of dark matter halo spin with the large-scale environment}",
  journal = {\mnras},
archivePrefix = "arXiv",
   eprint = {1703.04726},
 keywords = {methods: statistical, galaxies: haloes, cosmology: theory, dark matter, large-scale structure of Universe},
     year = 2017,
    month = jun,
   volume = 468,
    pages = {L123-L127},
      doi = {10.1093/mnrasl/slx038},
   adsurl = {http://adsabs.harvard.edu/abs/2017MNRAS.468L.123W},
  adsnote = {Provided by the SAO/NASA Astrophysics Data System}
}

@ARTICLE{Adermann_17,
   author = {{Adermann}, E. and {Elahi}, P.~J. and {Lewis}, G.~F. and {Power}, C.
	},
    title = "{Cosmic voids in evolving dark sector cosmologies: the low-redshift universe}",
  journal = {\mnras},
archivePrefix = "arXiv",
   eprint = {1703.04885},
 keywords = {dark energy, dark matter, large-scale structure of Universe},
     year = 2017,
    month = jul,
   volume = 468,
    pages = {3381-3394},
      doi = {10.1093/mnras/stx657},
   adsurl = {http://adsabs.harvard.edu/abs/2017MNRAS.468.3381A},
  adsnote = {Provided by the SAO/NASA Astrophysics Data System}
}

@ARTICLE{Zeldovich_70,
   author = {{Zel'dovich}, Y.~B.},
    title = "{Gravitational instability: An approximate theory for large density perturbations.}",
  journal = {\aap},
     year = 1970,
    month = mar,
   volume = 5,
    pages = {84-89},
   adsurl = {http://adsabs.harvard.edu/abs/1970A%26A.....5...84Z},
  adsnote = {Provided by the SAO/NASA Astrophysics Data System}
}

@ARTICLE{White_84,
   author = {{White}, S.~D.~M.},
    title = "{Angular momentum growth in protogalaxies}",
  journal = {\apj},
 keywords = {Angular Momentum, Computational Astrophysics, Galactic Evolution, Gravitation Theory, Many Body Problem, Perturbation Theory},
     year = 1984,
    month = nov,
   volume = 286,
    pages = {38-41},
      doi = {10.1086/162573},
   adsurl = {http://adsabs.harvard.edu/abs/1984ApJ...286...38W},
  adsnote = {Provided by the SAO/NASA Astrophysics Data System}
}

@ARTICLE{Porciani_02,
   author = {{Porciani}, C. and {Dekel}, A. and {Hoffman}, Y.},
    title = "{Testing tidal-torque theory - I. Spin amplitude and direction}",
  journal = {\mnras},
   eprint = {astro-ph/0105123},
 keywords = {galaxies: formation, galaxies: haloes, galaxies: structure, cosmology: theory, dark matter, large-scale structure of Universe},
     year = 2002,
    month = may,
   volume = 332,
    pages = {325-338},
      doi = {10.1046/j.1365-8711.2002.05305.x},
   adsurl = {http://adsabs.harvard.edu/abs/2002MNRAS.332..325P},
  adsnote = {Provided by the SAO/NASA Astrophysics Data System}
}

@ARTICLE{Jones_10,
   author = {{Jones}, B.~J.~T. and {van de Weygaert}, R. and {Arag{\'o}n-Calvo}, M.~A.
	},
    title = "{Fossil evidence for spin alignment of Sloan Digital Sky Survey galaxies in filaments}",
  journal = {\mnras},
archivePrefix = "arXiv",
   eprint = {1001.4479},
 keywords = {methods: data analysis, cosmology: observations, cosmology: theory, large-scale structure of Universe},
     year = 2010,
    month = oct,
   volume = 408,
    pages = {897-918},
      doi = {10.1111/j.1365-2966.2010.17202.x},
   adsurl = {http://adsabs.harvard.edu/abs/2010MNRAS.408..897J},
  adsnote = {Provided by the SAO/NASA Astrophysics Data System}
}

@ARTICLE{Pen_00,
   author = {{Pen}, U.-L. and {Lee}, J. and {Seljak}, U.},
    title = "{Tentative Detection of Galaxy Spin Correlations in the Tully Catalog}",
  journal = {\apjl},
   eprint = {astro-ph/0006118},
 keywords = {Galaxies: Statistics, Cosmology: Large-Scale Structure of Universe},
     year = 2000,
    month = nov,
   volume = 543,
    pages = {L107-L110},
      doi = {10.1086/317273},
   adsurl = {http://adsabs.harvard.edu/abs/2000ApJ...543L.107P},
  adsnote = {Provided by the SAO/NASA Astrophysics Data System}
}

@ARTICLE{Slosar_09,
   author = {{Slosar}, A. and {Land}, K. and {Bamford}, S. and {Lintott}, C. and 
	{Andreescu}, D. and {Murray}, P. and {Nichol}, R. and {Raddick}, M.~J. and 
	{Schawinski}, K. and {Szalay}, A. and {Thomas}, D. and {Vandenberg}, J.
	},
    title = "{Galaxy Zoo: chiral correlation function of galaxy spins}",
  journal = {\mnras},
archivePrefix = "arXiv",
   eprint = {0809.0717},
 keywords = {galaxies: general , dark matter , large-scale structure of Universe},
     year = 2009,
    month = jan,
   volume = 392,
    pages = {1225-1232},
      doi = {10.1111/j.1365-2966.2008.14127.x},
   adsurl = {http://adsabs.harvard.edu/abs/2009MNRAS.392.1225S},
  adsnote = {Provided by the SAO/NASA Astrophysics Data System}
}

@ARTICLE{Lee_11,
   author = {{Lee}, J.},
    title = "{On the Intrinsic Alignments of the Late-type Spiral Galaxies from the Sloan Digital Sky Survey Data Release 7}",
  journal = {\apj},
archivePrefix = "arXiv",
   eprint = {1011.5755},
 keywords = {cosmology: theory, large-scale structure of universe},
     year = 2011,
    month = may,
   volume = 732,
      eid = {99},
    pages = {99},
      doi = {10.1088/0004-637X/732/2/99},
   adsurl = {http://adsabs.harvard.edu/abs/2011ApJ...732...99L},
  adsnote = {Provided by the SAO/NASA Astrophysics Data System}
}

@ARTICLE{Zhang_15,
   author = {{Zhang}, Y. and {Yang}, X. and {Wang}, H. and {Wang}, L. and 
	{Luo}, W. and {Mo}, H.~J. and {van den Bosch}, F.~C.},
    title = "{Spin Alignments of Spiral Galaxies within the Large-scale Structure from SDSS DR7}",
  journal = {\apj},
archivePrefix = "arXiv",
   eprint = {1409.7150},
 keywords = {cosmology: observations, large-scale structure of universe, methods: statistical},
     year = 2015,
    month = jan,
   volume = 798,
      eid = {17},
    pages = {17},
      doi = {10.1088/0004-637X/798/1/17},
   adsurl = {http://adsabs.harvard.edu/abs/2015ApJ...798...17Z},
  adsnote = {Provided by the SAO/NASA Astrophysics Data System}
}

@ARTICLE{Zhang_09,
   author = {{Zhang}, Y. and {Yang}, X. and {Faltenbacher}, A. and {Springel}, V. and 
	{Lin}, W. and {Wang}, H.},
    title = "{The Spin and Orientation of Dark Matter Halos Within Cosmic Filaments}",
  journal = {\apj},
archivePrefix = "arXiv",
   eprint = {0906.1654},
 primaryClass = "astro-ph.GA",
 keywords = {dark matter, galaxies: halos, large-scale structure of universe, methods: data analysis},
     year = 2009,
    month = nov,
   volume = 706,
    pages = {747-761},
      doi = {10.1088/0004-637X/706/1/747},
   adsurl = {http://adsabs.harvard.edu/abs/2009ApJ...706..747Z},
  adsnote = {Provided by the SAO/NASA Astrophysics Data System}
}

@ARTICLE{Libeskind_13,
   author = {{Libeskind}, N.~I. and {Hoffman}, Y. and {Forero-Romero}, J. and 
	{Gottl{\"o}ber}, S. and {Knebe}, A. and {Steinmetz}, M. and 
	{Klypin}, A.},
    title = "{The velocity shear tensor: tracer of halo alignment}",
  journal = {\mnras},
archivePrefix = "arXiv",
   eprint = {1210.4559},
 keywords = {galaxies: haloes, cosmology: theory, dark matter, large scale structure of Universe},
     year = 2013,
    month = jan,
   volume = 428,
    pages = {2489-2499},
      doi = {10.1093/mnras/sts216},
   adsurl = {http://adsabs.harvard.edu/abs/2013MNRAS.428.2489L},
  adsnote = {Provided by the SAO/NASA Astrophysics Data System}
}

@ARTICLE{Tempel_13,
   author = {{Tempel}, E. and {Libeskind}, N.~I.},
    title = "{Galaxy Spin Alignment in Filaments and Sheets: Observational Evidence}",
  journal = {\apjl},
archivePrefix = "arXiv",
   eprint = {1308.2816},
 keywords = {galaxies: formation, galaxies: spiral, large-scale structure of universe, methods: observational, methods: statistical },
     year = 2013,
    month = oct,
   volume = 775,
      eid = {L42},
    pages = {L42},
      doi = {10.1088/2041-8205/775/2/L42},
   adsurl = {http://adsabs.harvard.edu/abs/2013ApJ...775L..42T},
  adsnote = {Provided by the SAO/NASA Astrophysics Data System}
}

@ARTICLE{Bond_96,
   author = {{Bond}, J.~R. and {Kofman}, L. and {Pogosyan}, D.},
    title = "{How filaments of galaxies are woven into the cosmic web}",
  journal = {\nat},
   eprint = {astro-ph/9512141},
     year = 1996,
    month = apr,
   volume = 380,
    pages = {603-606},
      doi = {10.1038/380603a0},
   adsurl = {http://adsabs.harvard.edu/abs/1996Natur.380..603B},
  adsnote = {Provided by the SAO/NASA Astrophysics Data System}
}

@ARTICLE{Dubois_14,
   author = {{Dubois}, Y. and {Pichon}, C. and {Welker}, C. and {Le Borgne}, D. and 
	{Devriendt}, J. and {Laigle}, C. and {Codis}, S. and {Pogosyan}, D. and 
	{Arnouts}, S. and {Benabed}, K. and {Bertin}, E. and {Blaizot}, J. and 
	{Bouchet}, F. and {Cardoso}, J.-F. and {Colombi}, S. and {de Lapparent}, V. and 
	{Desjacques}, V. and {Gavazzi}, R. and {Kassin}, S. and {Kimm}, T. and 
	{McCracken}, H. and {Milliard}, B. and {Peirani}, S. and {Prunet}, S. and 
	{Rouberol}, S. and {Silk}, J. and {Slyz}, A. and {Sousbie}, T. and 
	{Teyssier}, R. and {Tresse}, L. and {Treyer}, M. and {Vibert}, D. and 
	{Volonteri}, M.},
    title = "{Dancing in the dark: galactic properties trace spin swings along the cosmic web}",
  journal = {\mnras},
archivePrefix = "arXiv",
   eprint = {1402.1165},
 keywords = {methods: numerical, galaxies: evolution, galaxies: formation, galaxies: kinematics and dynamics, cosmology: theory, large-scale structure of Universe},
     year = 2014,
    month = oct,
   volume = 444,
    pages = {1453-1468},
      doi = {10.1093/mnras/stu1227},
   adsurl = {http://adsabs.harvard.edu/abs/2014MNRAS.444.1453D},
  adsnote = {Provided by the SAO/NASA Astrophysics Data System}
}

@ARTICLE{Welker_14,
   author = {{Welker}, C. and {Devriendt}, J. and {Dubois}, Y. and {Pichon}, C. and 
	{Peirani}, S.},
    title = "{Mergers drive spin swings along the cosmic web}",
  journal = {\mnras},
archivePrefix = "arXiv",
   eprint = {1403.2728},
 keywords = {methods: numerical, galaxies: formation, galaxies: haloes, galaxies: kinematics and dynamics, large-scale structure of Universe},
     year = 2014,
    month = nov,
   volume = 445,
    pages = {L46-L50},
      doi = {10.1093/mnrasl/slu106},
   adsurl = {http://adsabs.harvard.edu/abs/2014MNRAS.445L..46W},
  adsnote = {Provided by the SAO/NASA Astrophysics Data System}
}

@ARTICLE{Libeskind_12,
   author = {{Libeskind}, N.~I. and {Hoffman}, Y. and {Knebe}, A. and {Steinmetz}, M. and 
	{Gottl{\"o}ber}, S. and {Metuki}, O. and {Yepes}, G.},
    title = "{The cosmic web and the orientation of angular momenta}",
  journal = {\mnras},
archivePrefix = "arXiv",
   eprint = {1201.3365},
 keywords = {cosmology: theory, dark matter, large-scale structure of Universe},
     year = 2012,
    month = mar,
   volume = 421,
    pages = {L137-L141},
      doi = {10.1111/j.1745-3933.2012.01222.x},
   adsurl = {http://adsabs.harvard.edu/abs/2012MNRAS.421L.137L},
  adsnote = {Provided by the SAO/NASA Astrophysics Data System}
}

@ARTICLE{Calvo_14,
   author = {{Aragon-Calvo}, M.~A. and {Yang}, L.~F.},
    title = "{The hierarchical nature of the spin alignment of dark matter haloes in filaments}",
  journal = {\mnras},
archivePrefix = "arXiv",
   eprint = {1303.1590},
 keywords = {methods: data analysis, galaxies: formation, large-scale structure of Universe},
     year = 2014,
    month = may,
   volume = 440,
    pages = {L46-L50},
      doi = {10.1093/mnrasl/slu009},
   adsurl = {http://adsabs.harvard.edu/abs/2014MNRAS.440L..46A},
  adsnote = {Provided by the SAO/NASA Astrophysics Data System}
}

@ARTICLE{Kang_15,
   author = {{Kang}, X. and {Wang}, P.},
    title = "{The Accretion of Dark Matter Subhalos within the Cosmic Web: Primordial Anisotropic Distribution and its Universality}",
  journal = {\apj},
archivePrefix = "arXiv",
   eprint = {1509.06804},
 keywords = {galaxies: halos, cosmology: theory, dark matter, large-scale structure of universe, methods: statistical},
     year = 2015,
    month = nov,
   volume = 813,
      eid = {6},
    pages = {6},
      doi = {10.1088/0004-637X/813/1/6},
   adsurl = {http://adsabs.harvard.edu/abs/2015ApJ...813....6K},
  adsnote = {Provided by the SAO/NASA Astrophysics Data System}
}

@ARTICLE{Bennett_13,
   author = {{Bennett}, C.~L. and {Larson}, D. and {Weiland}, J.~L. and {Jarosik}, N. and 
	{Hinshaw}, G. and {Odegard}, N. and {Smith}, K.~M. and {Hill}, R.~S. and 
	{Gold}, B. and {Halpern}, M. and {Komatsu}, E. and {Nolta}, M.~R. and 
	{Page}, L. and {Spergel}, D.~N. and {Wollack}, E. and {Dunkley}, J. and 
	{Kogut}, A. and {Limon}, M. and {Meyer}, S.~S. and {Tucker}, G.~S. and 
	{Wright}, E.~L.},
    title = "{Nine-year Wilkinson Microwave Anisotropy Probe (WMAP) Observations: Final Maps and Results}",
  journal = {\apjs},
archivePrefix = "arXiv",
   eprint = {1212.5225},
 keywords = {cosmic background radiation, cosmology: observations, dark matter, early universe, instrumentation: detectors, space vehicles, space vehicles: instruments, telescopes},
     year = 2013,
    month = oct,
   volume = 208,
      eid = {20},
    pages = {20},
      doi = {10.1088/0067-0049/208/2/20},
   adsurl = {http://adsabs.harvard.edu/abs/2013ApJS..208...20B},
  adsnote = {Provided by the SAO/NASA Astrophysics Data System}
}

@ARTICLE{Plank_14a,
   author = {{Planck Collaboration} and {Ade}, P.~A.~R. and {Aghanim}, N. and 
	{Armitage-Caplan}, C. and {Arnaud}, M. and {Ashdown}, M. and 
	{Atrio-Barandela}, F. and {Aumont}, J. and {Baccigalupi}, C. and 
	{Banday}, A.~J. and et al.},
    title = "{Planck 2013 results. XVI. Cosmological parameters}",
  journal = {\aap},
archivePrefix = "arXiv",
   eprint = {1303.5076},
 keywords = {cosmic background radiation, cosmological parameters, early Universe, inflation, primordial nucleosynthesis},
     year = 2014,
    month = nov,
   volume = 571,
      eid = {A16},
    pages = {A16},
      doi = {10.1051/0004-6361/201321591},
   adsurl = {http://adsabs.harvard.edu/abs/2014A%26A...571A..16P},
  adsnote = {Provided by the SAO/NASA Astrophysics Data System}
}

@ARTICLE{Plank_14b,
   author = {{Planck Collaboration} and {Ade}, P.~A.~R. and {Aghanim}, N. and 
	{Armitage-Caplan}, C. and {Arnaud}, M. and {Ashdown}, M. and 
	{Atrio-Barandela}, F. and {Aumont}, J. and {Baccigalupi}, C. and 
	{Banday}, A.~J. and et al.},
    title = "{Planck 2013 results. XXIII. Isotropy and statistics of the CMB}",
  journal = {\aap},
archivePrefix = "arXiv",
   eprint = {1303.5083},
 keywords = {cosmic background radiation, cosmology: observations, cosmology: miscellaneous},
     year = 2014,
    month = nov,
   volume = 571,
      eid = {A23},
    pages = {A23},
      doi = {10.1051/0004-6361/201321534},
   adsurl = {http://adsabs.harvard.edu/abs/2014A%26A...571A..23P},
  adsnote = {Provided by the SAO/NASA Astrophysics Data System}
}

@ARTICLE{Plank_16,
   author = {{Planck Collaboration} and {Ade}, P.~A.~R. and {Aghanim}, N. and 
	{Akrami}, Y. and {Aluri}, P.~K. and {Arnaud}, M. and {Ashdown}, M. and 
	{Aumont}, J. and {Baccigalupi}, C. and {Banday}, A.~J. and et al.},
    title = "{Planck 2015 results. XVI. Isotropy and statistics of the CMB}",
  journal = {\aap},
archivePrefix = "arXiv",
   eprint = {1506.07135},
 keywords = {cosmology: observations, cosmic background radiation, polarization, methods: data analysis, methods: statistical},
     year = 2016,
    month = sep,
   volume = 594,
      eid = {A16},
    pages = {A16},
      doi = {10.1051/0004-6361/201526681},
   adsurl = {http://adsabs.harvard.edu/abs/2016A%26A...594A..16P},
  adsnote = {Provided by the SAO/NASA Astrophysics Data System}
}

@ARTICLE{Alcock_00,
   author = {{Alcock}, C. and {Allsman}, R.~A. and {Alves}, D.~R. and {Axelrod}, T.~S. and 
	{Becker}, A.~C. and {Bennett}, D.~P. and {Cook}, K.~H. and {Dalal}, N. and 
	{Drake}, A.~J. and {Freeman}, K.~C. and {Geha}, M. and {Griest}, K. and 
	{Lehner}, M.~J. and {Marshall}, S.~L. and {Minniti}, D. and 
	{Nelson}, C.~A. and {Peterson}, B.~A. and {Popowski}, P. and 
	{Pratt}, M.~R. and {Quinn}, P.~J. and {Stubbs}, C.~W. and {Sutherland}, W. and 
	{Tomaney}, A.~B. and {Vandehei}, T. and {Welch}, D.},
    title = "{The MACHO Project: Microlensing Results from 5.7 Years of Large Magellanic Cloud Observations}",
  journal = {\apj},
   eprint = {astro-ph/0001272},
 keywords = {Cosmology: Dark Matter, Galaxy: Halo, Galaxy: Structure, Cosmology: Gravitational Lensing, Stars: Low-Mass, Brown Dwarfs, Stars: White Dwarfs},
     year = 2000,
    month = oct,
   volume = 542,
    pages = {281-307},
      doi = {10.1086/309512},
   adsurl = {http://adsabs.harvard.edu/abs/2000ApJ...542..281A},
  adsnote = {Provided by the SAO/NASA Astrophysics Data System}
}

@ARTICLE{Milgrom_15,
   author = {{Milgrom}, M.},
    title = "{MOND theory}",
  journal = {Canadian Journal of Physics},
archivePrefix = "arXiv",
   eprint = {1404.7661},
     year = 2015,
    month = feb,
   volume = 93,
    pages = {107-118},
      doi = {10.1139/cjp-2014-0211},
   adsurl = {http://adsabs.harvard.edu/abs/2015CaJPh..93..107M},
  adsnote = {Provided by the SAO/NASA Astrophysics Data System}
}

@ARTICLE{Mannheim_06,
   author = {{Mannheim}, P.~D.},
    title = "{Alternatives to dark matter and dark energy}",
  journal = {Progress in Particle and Nuclear Physics},
   eprint = {astro-ph/0505266},
     year = 2006,
    month = apr,
   volume = 56,
    pages = {340-445},
      doi = {10.1016/j.ppnp.2005.08.001},
   adsurl = {http://adsabs.harvard.edu/abs/2006PrPNP..56..340M},
  adsnote = {Provided by the SAO/NASA Astrophysics Data System}
}

@ARTICLE{Bullock_00,
   author = {{Bullock}, J.~S. and {Kravtsov}, A.~V. and {Weinberg}, D.~H.
	},
    title = "{Reionization and the Abundance of Galactic Satellites}",
  journal = {\apj},
   eprint = {astro-ph/0002214},
 keywords = {Cosmology: Theory, Galaxies: Formation},
     year = 2000,
    month = aug,
   volume = 539,
    pages = {517-521},
      doi = {10.1086/309279},
   adsurl = {http://adsabs.harvard.edu/abs/2000ApJ...539..517B},
  adsnote = {Provided by the SAO/NASA Astrophysics Data System}
}

@ARTICLE{Shaap_00,
   author = {{Schaap}, W.~E. and {van de Weygaert}, R.},
    title = "{Continuous fields and discrete samples: reconstruction through Delaunay tessellations}",
  journal = {\aap},
   eprint = {astro-ph/0011007},
 keywords = {METHODS: N-BODY SIMULATIONS, METHODS: NUMERICAL, METHODS: STATISTICAL, COSMOLOGY: LARGE-SCALE STRUCTURE OF UNIVERSE},
     year = 2000,
    month = nov,
   volume = 363,
    pages = {L29-L32},
   adsurl = {http://adsabs.harvard.edu/abs/2000A%26A...363L..29S},
  adsnote = {Provided by the SAO/NASA Astrophysics Data System}
}

@INPROCEEDINGS{Weygaert_09,
   author = {{van de Weygaert}, R. and {Schaap}, W.},
    title = "{The Cosmic Web: Geometric Analysis}",
booktitle = {Data Analysis in Cosmology},
     year = 2009,
   series = {Lecture Notes in Physics, Berlin Springer Verlag},
   volume = 665,
archivePrefix = "arXiv",
   eprint = {0708.1441},
   editor = {{Mart{\'{\i}}nez}, V.~J. and {Saar}, E. and {Mart{\'{\i}}nez-Gonz{\'a}lez}, E. and 
	{Pons-Border{\'{\i}}a}, M.-J.},
    pages = {291-413},
      doi = {10.1007/978-3-540-44767-2_11},
   adsurl = {http://adsabs.harvard.edu/abs/2009LNP...665..291V},
  adsnote = {Provided by the SAO/NASA Astrophysics Data System}
}

@MISC{Cautun_11,
   author = {{Cautun}, M.~C. and {van de Weygaert}, R.},
    title = "{The DTFE public software: The Delaunay Tessellation Field Estimator code}",
 keywords = {Software },
howpublished = {Astrophysics Source Code Library},
     year = 2011,
    month = may,
archivePrefix = "arXiv",
   eprint = {1105.0370},
 primaryClass = "astro-ph.IM",
   adsurl = {http://adsabs.harvard.edu/abs/2011ascl.soft05003C},
  adsnote = {Provided by the SAO/NASA Astrophysics Data System}
}

@ARTICLE{Elahi_15,
   author = {{Elahi}, P.~J. and {Lewis}, G.~F. and {Power}, C. and {Carlesi}, E. and 
	{Knebe}, A.},
    title = "{Hidden from view: coupled dark sector physics and small scales}",
  journal = {\mnras},
archivePrefix = "arXiv",
   eprint = {1506.05877},
 keywords = {methods: numerical, galaxies: clusters: general, dark energy, dark matter},
     year = 2015,
    month = sep,
   volume = 452,
    pages = {1341-1352},
      doi = {10.1093/mnras/stv1370},
   adsurl = {http://adsabs.harvard.edu/abs/2015MNRAS.452.1341E},
  adsnote = {Provided by the SAO/NASA Astrophysics Data System}
}

@ARTICLE{Lee_05,
   author = {{Lee}, J. and {Kang}, X. and {Jing}, Y.~P.},
    title = "{The Intrinsic Alignment of Dark Halo Substructures}",
  journal = {\apjl},
   eprint = {astro-ph/0503136},
 keywords = {Cosmology: Theory, Cosmology: Large-Scale Structure of Universe},
     year = 2005,
    month = aug,
   volume = 629,
    pages = {L5-L8},
      doi = {10.1086/444496},
   adsurl = {http://adsabs.harvard.edu/abs/2005ApJ...629L...5L},
  adsnote = {Provided by the SAO/NASA Astrophysics Data System}
}

@ARTICLE{Joyce_15,
   author = {{Joyce}, A. and {Jain}, B. and {Khoury}, J. and {Trodden}, M.
	},
    title = "{Beyond the cosmological standard model}",
  journal = {\physrep},
archivePrefix = "arXiv",
   eprint = {1407.0059},
 keywords = {Cosmology, Modified gravity, Screening mechanisms, Dark energy},
     year = 2015,
    month = mar,
   volume = 568,
    pages = {1-98},
      doi = {10.1016/j.physrep.2014.12.002},
   adsurl = {http://adsabs.harvard.edu/abs/2015PhR...568....1J},
  adsnote = {Provided by the SAO/NASA Astrophysics Data System}
}

@ARTICLE{Ratra_88,
   author = {{Ratra}, B. and {Peebles}, P.~J.~E.},
    title = "{Cosmological consequences of a rolling homogeneous scalar field}",
  journal = {\prd},
 keywords = {Origin and formation of the Universe, Lagrangian and Hamiltonian approach},
     year = 1988,
    month = jun,
   volume = 37,
    pages = {3406-3427},
      doi = {10.1103/PhysRevD.37.3406},
   adsurl = {http://adsabs.harvard.edu/abs/1988PhRvD..37.3406R},
  adsnote = {Provided by the SAO/NASA Astrophysics Data System}
}

@ARTICLE{Bode_01,
   author = {{Bode}, P. and {Ostriker}, J.~P. and {Turok}, N.},
    title = "{Halo Formation in Warm Dark Matter Models}",
  journal = {\apj},
   eprint = {astro-ph/0010389},
 keywords = {Cosmology: Theory, Cosmology: Dark Matter, Galaxies: Formation, Galaxies: Halos, Methods: Numerical},
     year = 2001,
    month = jul,
   volume = 556,
    pages = {93-107},
      doi = {10.1086/321541},
   adsurl = {http://adsabs.harvard.edu/abs/2001ApJ...556...93B},
  adsnote = {Provided by the SAO/NASA Astrophysics Data System}
}

@ARTICLE{Elahi_14,
   author = {{Elahi}, P.~J. and {Mahdi}, H.~S. and {Power}, C. and {Lewis}, G.~F.
	},
    title = "{Warm dark haloes accretion histories and their gravitational signatures}",
  journal = {\mnras},
archivePrefix = "arXiv",
   eprint = {1406.3413},
 keywords = {gravitational lensing: strong, methods: numerical, galaxies: clusters: general, dark matter},
     year = 2014,
    month = nov,
   volume = 444,
    pages = {2333-2345},
      doi = {10.1093/mnras/stu1614},
   adsurl = {http://adsabs.harvard.edu/abs/2014MNRAS.444.2333E},
  adsnote = {Provided by the SAO/NASA Astrophysics Data System}
}

@ARTICLE{Viel_13,
   author = {{Viel}, M. and {Becker}, G.~D. and {Bolton}, J.~S. and {Haehnelt}, M.~G.
	},
    title = "{Warm dark matter as a solution to the small scale crisis: New constraints from high redshift Lyman-{$\alpha$} forest data}",
  journal = {\prd},
archivePrefix = "arXiv",
   eprint = {1306.2314},
 keywords = {Particle-theory and field-theory models of the early Universe, Dark matter, Intergalactic matter, quasar absorption and emission-line systems, Lyman forest},
     year = 2013,
    month = aug,
   volume = 88,
   number = 4,
      eid = {043502},
    pages = {043502},
      doi = {10.1103/PhysRevD.88.043502},
   adsurl = {http://adsabs.harvard.edu/abs/2013PhRvD..88d3502V},
  adsnote = {Provided by the SAO/NASA Astrophysics Data System}
}

@ARTICLE{Veena_18,
   author = {{Ganeshaiah Veena}, P. and {Cautun}, M. and {van de Weygaert}, R. and 
	{Tempel}, E. and {Jones}, B.~J.~T. and {Rieder}, S. and {Frenk}, C.~S.
	},
    title = "{The Cosmic Ballet: spin and shape alignments of haloes in the cosmic web}",
  journal = {ArXiv e-prints},
archivePrefix = "arXiv",
   eprint = {1805.00033},
 keywords = {Astrophysics - Cosmology and Nongalactic Astrophysics, Astrophysics - Astrophysics of Galaxies},
     year = 2018,
    month = apr,
   adsurl = {http://adsabs.harvard.edu/abs/2018arXiv180500033G},
  adsnote = {Provided by the SAO/NASA Astrophysics Data System}
}
